% Bibliography in Latex for the VaR FXI paper
@article{aljanabi2006,
  title={Foreign-exchange trading risk management with {Value-at-Risk}},
  author={Al Janabi, Mazin AM},
  journal={The Journal of Risk Finance},
  year={2006},
}

@book{alexander2009,
  title={Market risk analysis, {Value-at-Risk} models},
  author={Alexander, Carol},
  volume={4},
  year={2009},
  publisher={John Wiley \& Sons}
}

@article{barro1983,
  title={Rules, discretion and reputation in a model of monetary policy},
  author={Barro, Robert J and Gordon, David B},
  journal={Journal of Monetary Economics},
  volume={12},
  number={1},
  pages={101--121},
  year={1983},
  publisher={Elsevier}
}

@article{basu2018,
  title={Managing capital outflows with limited reserves},
  author={Basu, Suman S and Ghosh, Atish R and Ostry, Jonathan D and Winant, Pablo E},
  journal={IMF Economic Review},
  volume={66},
  number={2},
  pages={333--374},
  year={2018},
  publisher={Springer}
}

@article{basu2020,
  title={A conceptual model for the integrated policy framework},
  author={Basu, Suman Sambha and Boz, Emine and Gopinath, Gita and Roch, Francisco and Unsal, Filiz},
  year={2020},
  journal={IMF Working Paper}
}

@article{borio2016,
  title={Bye-bye covered interest parity},
  author={Borio, C and McCauley, R and McGuire, P and Sushko, V},
  journal={Vox CEPR's Policy Portal},
  year={2016}
}

@article{bredin2004,
  title={FOREX Risk: Measurement and evaluation using {Value-at-Risk}},
  author={Bredin, Don and Hyde, Stuart},
  journal={Journal of Business Finance \& Accounting},
  volume={31},
  number={9-10},
  pages={1389--1417},
  year={2004},
  publisher={Wiley Online Library}
}

@article{brownlees2020,
  title={Backtesting Global Growth-at-Risk},
  author={Brownlees, Christian and Souza, Andre},
  journal={Journal of Monetary Economics},
  year={2020},
  publisher={Elsevier}
}

@article{cavallino2019,
  title={Capital flows and foreign exchange intervention},
  author={Cavallino, Paolo},
  journal={American Economic Journal: Macroeconomics},
  volume={11},
  number={2},
  pages={127--70},
  year={2019}
}

@techreport{cerutti2019,
  title={Covered interest parity deviations: Macrofinancial determinants},
  author={Cerutti, Eugenio M and Obstfeld, Maurice and Zhou, Haonan},
  year={2019},
  institution={National Bureau of Economic Research}
}

@book{chamon2019,
  title={Foreign exchange intervention in inflation targeters in Latin America},
  author={Chamon, Marcos and Hofman, David and Magud, Nicolas and Werner, Alejandro},
  year={2019},
  publisher={International Monetary Fund}
}

@article{chan2007,
  title={Interval estimation of {Value-at-Risk} based on GARCH models with heavy-tailed innovations},
  author={Chan, Ngai Hang and Deng, Shi-Jie and Peng, Liang and Xia, Zhendong},
  journal={Journal of Econometrics},
  volume={137},
  number={2},
  pages={556--576},
  year={2007},
  publisher={Elsevier}
}

@article{chernozhukov2010,
  title={Quantile and probability curves without crossing},
  author={Chernozhukov, Victor and Fernandez-Val, Ivan and Galichon, Alfred},
  journal={Econometrica},
  volume={78},
  number={3},
  pages={1093--1125},
  year={2010},
  publisher={Wiley Online Library}
}

@article{chutasripanich2015,
  title={Foreign exchange intervention: strategies and effectiveness},
  author={Chutasripanich, Nuttathum and Yetman, James},
  year={2015},
  journal={BIS Working Paper}
}

@article{diks2011,
  title={Likelihood-based scoring rules for comparing density forecasts in tails},
  author={Diks, Cees and Panchenko, Valentyn and Van Dijk, Dick},
  journal={Journal of Econometrics},
  volume={163},
  number={2},
  pages={215--230},
  year={2011},
  publisher={Elsevier}
}

@article{diebold1998,
  title={Evaluating density forecasts, with applications to financial risk management},
  author={Diebold, FX and Gunther, T and Tay, A},
  journal={International Economic Review},
  volume={39},
  number={1},
  pages={863--883},
  year={1998},
}


@article{du2018,
  title={Deviations from covered interest rate parity},
  author={Du, Wenxin and Tepper, Alexander and Verdelhan, Adrien},
  journal={The Journal of Finance},
  volume={73},
  number={3},
  pages={915--957},
  year={2018},
  publisher={Wiley Online Library}
}

@article{eguren2018,
  title={Global banks and synthetic funding: the benefits of foreign relatives},
  author={Eguren Martin, Fernando and Ossandon Busch, Matias and Reinhardt, Dennis},
  year={2018},
  journal={Bank of England Working Paper}
}

@article{engle2001,
  title={GARCH 101: The use of ARCH/GARCH models in applied econometrics},
  author={Engle, Robert},
  journal={Journal of Economic Perspectives},
  volume={15},
  number={4},
  pages={157--168},
  year={2001}
}

@article{fanelli2020,
  title={A theory of foreign exchange interventions},
  author={Fanelli, Sebastian and Straub, Ludwig},
  journal={NBER Working Paper},
  volume={1},
  number={w27872},
  year={2020}
}

@article{fatum2005,
  title={Rules versus discretion in foreign exchange intervention: evidence from official Bank of Canada high-frequency data},
  author={Fatum, Rasmus and King, Michael R},
  year={2005},
  journal={SCCIE Working Paper}
}


@book{friedman1953,
  title={The case for Flexible Exchange Rate in Essays in positive economics},
  author={Friedman, Milton and Friedman, Marilyn},
  year={1953},
  publisher={University of Chicago press}
}

@article{gaglianone2011,
  title={Evaluating {Value-at-Risk} models via quantile regression},
  author={Gaglianone, Wagner Piazza and Lima, Luiz Renato and Linton, Oliver and Smith, Daniel R},
  journal={Journal of Business and Economic Statistics},
  volume={29},
  number={1},
  pages={150--160},
  year={2011},
  publisher={Taylor \& Francis}
}

@article{giot2004,
  title={Modelling daily {Value-at-Risk} using realized volatility and ARCH type models},
  author={Giot, Pierre and Laurent, Sebastien},
  journal={Journal of Empirical Finance},
  volume={11},
  number={3},
  pages={379--398},
  year={2004},
  publisher={Elsevier}
}

@article{hansen2005,
  title={A forecast comparison of volatility models: does anything beat a GARCH (1, 1)?},
  author={Hansen, Peter R and Lunde, Asger},
  journal={Journal of Applied Econometrics},
  volume={20},
  number={7},
  pages={873--889},
  year={2005},
  publisher={Wiley Online Library}
}

@article{hoogerheide2010,
  title={Bayesian forecasting of value at risk and expected shortfall using adaptive importance sampling},
  author={Hoogerheide, Lennart and van Dijk, Herman K},
  journal={International Journal of Forecasting},
  volume={26},
  number={2},
  pages={231--247},
  year={2010},
  publisher={Elsevier}
}


@article{imf2020,
  title={Toward an Integrated Policy Framework},
  author={{International Monetary Fund}},
  year={2020},
  journal={International Monetary Fund Working Paper},
  volume={2020/046},
}


@article{imf2020cbt,
  title={The Central Bank Transparency Code},
  author={{International Monetary Fund}},
  year={2020},
  journal={International Monetary Fund Policy Paper},
  volume={2020/038},
}


@article{jeon2002,
  title={Foreign exchange market efficiency, cointegration, and policy coordination},
  author={Jeon, Bang Nam and Lee, Euiseong},
  journal={Applied Economics Letters},
  volume={9},
  number={1},
  pages={61--68},
  year={2002},
  publisher={Taylor \& Francis}
}

@book{jorion2007,
  title={{Value-at-Risk}: the new benchmark for managing financial risk},
  author={Jorion, Philippe},
  year={2007},
  publisher={The McGraw-Hill Companies, Inc.}
}

@article{krugman1991,
  title={Target zones and exchange rate dynamics},
  author={Krugman, Paul R},
  journal={The Quarterly Journal of Economics},
  volume={106},
  number={3},
  pages={669--682},
  year={1991},
  publisher={MIT Press}
}

@article{kuersteiner2018,
  title={Effective sterilized foreign exchange intervention? {Evidence} from a rule-based policy},
  author={Kuersteiner, Guido and Phillips, David and Villamizar-Villegas, Mauricio},
  journal={Journal of International Economics},
  volume={113},
  pages={118--138},
  year={2018},
  publisher={Elsevier}
}

@article{kydland1977,
  title={Rules rather than discretion: The inconsistency of optimal plans},
  author={Kydland, Finn and Prescott, Edward},
  journal={Journal of Political Economy},
  volume={85},
  number={3},
  pages={473--491},
  year={1977},
  publisher={The University of Chicago Press}
}

@incollection{mckinnon2000,
  title={Limiting moral hazard and reducing risk in international capital flows: the choice of an exchange rate regime},
  author={McKinnon, Ronald I},
  booktitle={Global Financial Crises},
  pages={159--176},
  year={2000},
  publisher={Springer}
}

@article{mcmillan2012,
  title={Daily FX volatility forecasts: Can the GARCH (1, 1) model be beaten using high-frequency data?},
  author={Mcmillan, David and Speight, Alan},
  journal={Journal of Forecasting},
  volume={31},
  number={4},
  pages={330--343},
  year={2012},
  publisher={Wiley Online Library}
}


@article{montoro2013,
  title={Foreign exchange intervention and monetary policy design: a market microstructure analysis},
  author={Montoro, Carlos and Ortiz, Marco},
  journal={4th BIS Consultative Council of Americas Conference},
  year={2013}
}


@article{patel2019,
  title={FX intervention: goals, strategies and tactics},
  author={Patel, Nikhil and Cavallino, Paolo},
  journal={BIS Paper},
  number={104b},
  volume={1},
  year={2019}
}

@article{patton2001,
  title={Modelling time-varying exchange rate dependence using the conditional copula},
  author={Patton, Andrew},
  year={2001},
  journal={UCSD Discussion Paper}
}

@article{rossi2019,
  title={Alternative tests for correct specification of conditional predictive densities},
  author={Rossi, Barbara and Sekhposyan, Tatevik},
  journal={Journal of Econometrics},
  volume={208},
  number={2},
  pages={638--657},
  year={2019},
  publisher={Elsevier}
}


@article{sandri2020,
  title={FX  intervention  to  stabilize  or  manipulate  the  exchange  rate? Inference from profitability},
  author={Sandri, Damiano},
  year={2020},
  journal={CEPR Discussion Paper No. DP14897}
}

@book{sarno2003,
  title={The economics of exchange rates},
  author={Sarno, Lucio and Taylor, Mark},
  year={2003},
  publisher={Cambridge University Press}
}

@Manual{sheppard2020,
    title = {ARCH Package for Python},
    author = {Kevin Sheppard},
    year = {2020},
    note = {Python package version 4.15},
    url = {https://bashtage.github.io/arch/},
  }


@article{stiglitz1993,
  title={The role of the state in financial markets},
  author={Stiglitz, Joseph E},
  journal={The World Bank Economic Review},
  volume={7},
  number={suppl\_1},
  pages={19--52},
  year={1993},
  publisher={Oxford University Press}
}

@techreport{taylor2017,
  title={Rules versus discretion: assessing the debate over the conduct of monetary policy},
  author={Taylor, John},
  year={2017},
  institution={National Bureau of Economic Research}
}

@article{zumbach2007,
  title={The riskmetrics 2006 methodology},
  author={Zumbach, Gilles O},
  journal={Available at SSRN 1420185},
  year={2007}
}
